% BUPT-Probability-and-Stochastic-Processes (c) by Zhenglong WU(itdevwu)

% BUPT-Probability-and-Stochastic-Processes has a Chinese name "概率论与随机过程习题解答".

% BUPT-Probability-and-Stochastic-Processes is licensed under a
% Creative Commons Attribution-ShareAlike 4.0 International License.

% You should have received a copy of the license along with this
% work. If not, see <http://creativecommons.org/licenses/by-sa/4.0/>.
@book{ISBN9787563545377,
    title = {Probability and Stochastic Processes},
    author = {张丽华 and 周清},
    year = {2016},
    pagecount = {324},
    publisher = {北京邮电大学出版社},
    address = {北京},
    isbn = {9787563545377}
}